@article{Clarke:2023,
    author = {J Clarke, Joseph},
    title = {Seeking more robust early warning signals for climate tipping points: the ration of spectra method (ROSA)},
    journal = {Environmental Research Letters},
    volume = {18},
    year = {2023}
}

@article{Morr:2024,
    author = {Morr,Andreas and Boers, Niklas},
    title = {Detection of Approaching Critical Transitions in Natural Systems Driven by Red Noise},
    journal = {Physical Review X},
    volume = {14},
    year = {2024}
}

@book{Kurt:2010,
    author = {Jacobs, Kurt},
    title = {Stochastic Processes for Physicists - Understanding noisy Systems},
    publisher = {Cambridge University Press},
    year = {2010}}

@book{Kaper:2013,
    author = {Kaper, Hans; Engler, Hans},
    title = {Mathematics and Climate},
    publisher = {Society for Industrial and Applied Mathematics},
    year = {2013}
}

@article{Scheffer:2009,
    author = {Scheffer, Marten},
    title = {Early-warning signals for critical transitions},
    journal = {Nature Reviews},
    volume = {461},
    year = {2009}
}

@article{Wissel:1984,
    author = {Wissel, C.},
    title = {A universal law of characteristic return time near tresholds},
    journal = {Oecologia},
    volume = {65},
    pages = {102},
    year = {1984}
}


%from Clarke 2023

@article{Brovkin:2021,
    author = {Brovkin, Victor},
    title = {Past abrupt changes, tipping points and cascading impacts in the Earth system},
    journal = {Nature Geoscience},
    volume = {14},
    pages = {550--558},
    year = {2021},
    doi = {10.1038/s41561-021-00790-5}
}

@article{Lenton:2019,
    author = {Lenton, Timothy M.},
    title = {Climate tipping points—too risky to bet against},
    journal = {Nature},
    volume = {575},
    pages = {592--595},
    year = {2019},
    doi = {10.1038/d41586-019-03595-0}
}

@article{Steffen:2018,
    author = {Steffen, Will},
    title = {Trajectories of the Earth system in the Anthropocene},
    journal = {Proceedings of the National Academy of Sciences},
    volume = {115},
    pages = {8252--8259},
    year = {2018},
    doi = {10.1073/pnas.1810141115}
}

@article{Ritchie:2021,
    author = {Ritchie, Peter D. L.},
    title = {Overshooting tipping point thresholds in a changing climate},
    journal = {Nature},
    volume = {592},
    pages = {517--523},
    year = {2021},
    doi = {10.1038/s41586-021-03263-2}
}

@article{Lenton:2008,
    author = {Lenton, Timothy M.},
    title = {Tipping elements in the Earth's climate system},
    journal = {Proceedings of the National Academy of Sciences of the United States of America},
    volume = {105},
    pages = {1786--1793},
    year = {2008},
    doi = {10.1073/pnas.0705414105}
}

@article{Ashwin:2012,
    author = {Ashwin, Peter},
    title = {Tipping points in open systems: bifurcation, noise-induced and rate-dependent examples in the climate system},
    journal = {Philosophical Transactions of the Royal Society A: Mathematical, Physical and Engineering Sciences},
    volume = {370},
    pages = {1166--1184},
    year = {2012}
}

@article{Stommel:1961,
    author = {Stommel, Henry},
    title = {Thermohaline convection with two stable regimes of flow},
    journal = {Tellus},
    volume = {13},
    pages = {224--230},
    year = {1961}
}

@article{Cox:2000,
    author = {Cox, P. M.},
    title = {Acceleration of global warming due to carbon-cycle feedbacks in a coupled climate model},
    journal = {Nature},
    volume = {408},
    pages = {184--187},
    year = {2000}
}

@article{Feldmann:2015,
    author = {Feldmann, J. and Levermann, A.},
    title = {Collapse of the West Antarctic Ice Sheet after local destabilization of the Amundsen Basin},
    journal = {Proceedings of the National Academy of Sciences},
    volume = {112},
    pages = {14191--14196},
    year = {2015}
}

@article{Taylor:2012,
    author = {Taylor, Keith E.},
    title = {An overview of CMIP5 and the experiment design},
    journal = {Bulletin of the American Meteorological Society},
    volume = {93},
    pages = {485--498},
    year = {2012},
}

@article{Drijfhout:2015,
    author = {Drijfhout, Sybren},
    title = {Catalogue of abrupt shifts in Intergovernmental Panel on Climate Change climate models},
    journal = {Proceedings of the National Academy of Sciences},
    volume = {112},
    pages = {E5777--E5786},
    year = {2015},
}

@article{Dietz:2021,
    author = {Dietz, Simon},
    title = {Economic impacts of tipping points in the climate system},
    journal = {Proceedings of the National Academy of Sciences},
    volume = {118},
    pages = {e2103081118},
    year = {2021},
    doi = {10.1073/pnas.2103081118}
}


@article{Ritchie:2020,
    author = {Ritchie, P. D. L.},
    title = {Shifts in national land use and food production in Great Britain after a climate tipping point},
    journal = {Nature Food},
    volume = {1},
    pages = {76--83},
    year = {2020},
}

@article{Clarke:2021,
    author = {Clarke, J.},
    title = {The compost bomb instability in the continuum limit},
    journal = {European Physical Journal Special Topics},
    volume = {230},
    pages = {3335--3341},
    year = {2021},
}

@book{Strogatz:2015,
    author = {Strogatz, Steven H.},
    title = {Nonlinear Dynamics and Chaos},
    edition = {2nd},
    publisher = {CRC Press},
    address = {Boca Raton, FL},
    year = {2015}
}

@book{Guckenheimer:1983,
    author = {Guckenheimer, John and Holmes, Philip},
    title = {Nonlinear Oscillations, Dynamical Systems, and Bifurcations of Vector Fields},
    series = {Applied Mathematical Sciences},
    volume = {42},
    publisher = {Springer},
    address = {New York},
    year = {1983}
}

@article{Scheffer:2012,
    author = {Scheffer, Marten and et al.},
    title = {Anticipating critical transitions},
    journal = {Science},
    volume = {338},
    pages = {344--348},
    year = {2012},
    doi = {10.1126/science.1225244}
}

@article{Held:2004,
    author = {Held, Hermann and Kleinen, Thomas},
    title = {Detection of climate system bifurcations by degenerate fingerprinting},
    journal = {Geophysical Research Letters},
    volume = {31},
    pages = {1--4},
    year = {2004},
    doi = {10.1029/2003GL019406}
}

@article{Boers:2018,
    author = {Boers, Niklas},
    title = {Early-warning signals for Dansgaard–Oeschger events in a high-resolution ice core record},
    journal = {Nature Communications},
    volume = {9},
    pages = {2556},
    year = {2018},
    doi = {10.1038/s41467-018-04816-4}
}


@article{Boers:2021,
    author = {Boers, Niklas and Rypdal, Martin},
    title = {Critical slowing down suggests that the western Greenland Ice Sheet is close to a tipping point},
    journal = {Proceedings of the National Academy of Sciences},
    volume = {118},
    pages = {e2019205118},
    year = {2021},
    doi = {10.1073/pnas.2019205118}
}

@article{Boers:2021b,
    author = {Boers, Niklas},
    title = {Observation-based early-warning signals for a collapse of the Atlantic meridional overturning circulation},
    journal = {Nature Climate Change},
    volume = {11},
    pages = {680--688},
    year = {2021},
    doi = {10.1038/s41558-021-01065-1}
}

%from Scheffer 2009

@article{Venegas:2005,
    author = {Venegas, Jose G. and et al.},
    title = {Self-organized patchiness in asthma as a prelude to catastrophic shifts},
    journal = {Nature},
    volume = {434},
    pages = {777--782},
    year = {2005},
    doi = {10.1038/nature03490}
}

@article{Litt:2001,
    author = {Litt, Brian and et al.},
    title = {Epileptic seizures may begin hours in advance of clinical onset: a report of five patients},
    journal = {Neuron},
    volume = {30},
    pages = {51--64},
    year = {2001},
    doi = {10.1016/S0896-6273(01)00262-8}
}

@article{McSharry:2003,
    author = {McSharry, Patrick E.},
    title = {Prediction of epileptic seizures: are nonlinear methods relevant?},
    journal = {Nature Medicine},
    volume = {9},
    pages = {241--242},
    year = {2003},
    doi = {10.1038/nm0303-241}
}


@book{Kambhu:2007,
    author = {Kambhu, John},
    title = {New Directions for Understanding Systemic Risk: A Report on a Conference Cosponsored by the Federal Reserve Bank of New York and the National Academy of Sciences},
    publisher = {The National Academies Press},
    year = {2007}
}

@article{May:2008,
    author = {May, Robert M.},
    title = {Ecology for bankers},
    journal = {Nature},
    volume = {451},
    pages = {893--895},
    year = {2008},
    doi = {10.1038/451893a}
}

@article{Scheffer:2001,
    author = {Scheffer, Marten and et al.},
    title = {Catastrophic shifts in ecosystems},
    journal = {Nature},
    volume = {413},
    pages = {591--596},
    year = {2001},
    doi = {10.1038/35098000}
}


@book{MillenniumEcosystemAssessment:2005,
    author = {Millennium Ecosystem Assessment},
    title = {Ecosystems and Human Well-being: Synthesis Report},
    publisher = {Island Press},
    year = {2005}
}

@article{VanNes:2007,
    author = {Van Nes, Egbert H. and Scheffer, Marten},
    title = {Slow recovery from perturbations as a generic indicator of a nearby catastrophic shift},
    journal = {The American Naturalist},
    volume = {169},
    pages = {738--747},
    year = {2007},
    doi = {10.1086/516845}
}

@article{Ives:1995,
    author = {Ives, Anthony R.},
    title = {Measuring resilience in stochastic systems},
    journal = {Ecological Monographs},
    volume = {65},
    pages = {217--233},
    year = {1995},
    doi = {10.2307/2937138}
}


@incollection{Hanggi:1994,
    author = {H{\"a}nggi, Peter and Jung, Peter},
    title = {Colored Noise in Dynamical Systems},
    booktitle = {Advances in Chemical Physics},
    publisher = {John Wiley \& Sons},
    address = {New York},
    year = {1994}
}

@article{Morr:2022,
    author = {Morr, Andreas and Kreher, David and Boers, Niklas},
    title = {Red noise in continuous-time stochastic modelling},
    journal = {arXiv preprint},
    year = {2022},
    eprint = {2212.03566},
    eprinttype = {arxiv}
}

@article{Hasselmann:1976,
    author = {Hasselmann, Klaus},
    title = {Stochastic climate models Part I. Theory},
    journal = {Tellus},
    volume = {28},
    pages = {473--485},
    year = {1976},
    doi = {10.3402/tellusa.v28i6.11316}
}

@article{Hanggi:1993,
    author = {H{\"a}nggi, Peter and Jung, Peter and Zerbe, Claus and Moss, Frank},
    title = {Can colored noise improve stochastic resonance?},
    journal = {Journal of Statistical Physics},
    volume = {70},
    pages = {25--47},
    year = {1993},
    doi = {10.1007/BF01053957}
}

@article{Liao:2022,
    author = {Liao, Z. and Ma, K. and Sarker, M. S. and Tang, S. and Yamahara, H. and Seki, M. and Tabata, H.},
    title = {Quantum analog annealing of gain-dissipative Ising machine driven by colored Gaussian noise},
    journal = {Advanced Theory and Simulations},
    volume = {5},
    pages = {2100497},
    year = {2022},
    doi = {10.1002/adts.202100497}
}

@article{Meng:2020,
    author = {Meng, Yingjie},
    title = {Tipping point and noise-induced transients in ecological networks},
    journal = {Journal of the Royal Society Interface},
    volume = {17},
    pages = {20200645},
    year = {2020},
    doi = {10.1098/rsif.2020.0645}
}






















